@techreport{compendium,
    author      = "TDT4255 course staff",
    title       = "Lab Exercises in TDT4255 Computer Design",
    institution = "NTNU",
    year        = "2015"
}