@techreport{compendium,
    author      = "TDT4255 course staff",
    title       = "Lab Exercises in TDT4255 Computer Design",
    institution = "NTNU",
    year        = "2015"
}

@misc{label2,
    author          = {{Mathias Ose}},
    title           = "ma.thiaso.se",
    year            = "2014",
    howpublished    = "\url{http://ma.thiaso.se/}"
}
